<record xmlns='http://www.loc.gov/MARC21/slim'><leader>01863cgm a2200421 a 4500</leader><controlfield tag='001'>2917311</controlfield><controlfield tag='005'>20141212205147.0</controlfield><controlfield tag='007'>vf|cbahou</controlfield><controlfield tag='008'>950207s1996    xx 076 e          vleng d</controlfield><datafield ind1=' ' ind2=' ' tag='035'><subfield code='a'>(NIC)notisAPH8673</subfield></datafield><datafield ind1=' ' ind2=' ' tag='035'><subfield code='a'>(OCoLC)64687178</subfield></datafield><datafield ind1=' ' ind2=' ' tag='035'><subfield code='a'>2917311</subfield></datafield><datafield ind1=' ' ind2=' ' tag='040'><subfield code='a'>NIC</subfield><subfield code='c'>NIC</subfield></datafield><datafield ind1=' ' ind2=' ' tag='043'><subfield code='a'>n-us---</subfield></datafield><datafield ind1='0' ind2='0' tag='245'><subfield code='a'>Tracking in education</subfield><subfield code='h'>[videorecording] :</subfield><subfield code='b'>AS&amp;RC Colloquium series /</subfield><subfield code='c'>[Cornell University, Africana Studies and Research Center].</subfield></datafield><datafield ind1='3' ind2='0' tag='246'><subfield code='a'>AS&amp;RC Colloquium series</subfield></datafield><datafield ind1='1' ind2=' ' tag='246'><subfield code='i'>Title on videocassette label:</subfield><subfield code='a'>AS&amp;RC spring 1996 Colloquium series</subfield></datafield><datafield ind1=' ' ind2=' ' tag='260'><subfield code='c'>1996.</subfield></datafield><datafield ind1=' ' ind2=' ' tag='300'><subfield code='a'>1 videocassette (76 min.) :</subfield><subfield code='b'>sd., col. ;</subfield><subfield code='c'>1/2 in.</subfield></datafield><datafield ind1=' ' ind2=' ' tag='538'><subfield code='a'>VHS.</subfield></datafield><datafield ind1='0' ind2=' ' tag='511'><subfield code='a'>Presenter, Donald Barr.</subfield></datafield><datafield ind1=' ' ind2=' ' tag='500'><subfield code='a'>Title from videocassette label.</subfield></datafield><datafield ind1=' ' ind2=' ' tag='520'><subfield code='a'>Discusses tracking and ability grouping in the United States educational system. Also explains how racism influences education; how tracking fits into racism; and what things are being done in education to eliminate tracking.</subfield></datafield><datafield ind1=' ' ind2=' ' tag='500'><subfield code='a'>&quot;April 10, 1996.&quot;</subfield></datafield><datafield ind1=' ' ind2='0' tag='650'><subfield code='a'>Track system (Education)</subfield><subfield code='z'>United States</subfield><subfield code='x'>Congresses.</subfield></datafield><datafield ind1=' ' ind2='0' tag='650'><subfield code='a'>Ability grouping in education</subfield><subfield code='z'>United States</subfield><subfield code='x'>Congresses.</subfield></datafield><datafield ind1=' ' ind2='0' tag='650'><subfield code='a'>African Americans</subfield><subfield code='x'>Education</subfield><subfield code='x'>Congresses.</subfield></datafield><datafield ind1=' ' ind2='7' tag='650'><subfield code='a'>Ability grouping in education</subfield><subfield code='2'>fast</subfield><subfield code='0'>(OCoLC)fst00794413</subfield></datafield><datafield ind1=' ' ind2='7' tag='650'><subfield code='a'>African Americans</subfield><subfield code='x'>Education</subfield><subfield code='2'>fast</subfield><subfield code='0'>(OCoLC)fst00799600</subfield></datafield><datafield ind1=' ' ind2='7' tag='650'><subfield code='a'>Track system (Education)</subfield><subfield code='2'>fast</subfield><subfield code='0'>(OCoLC)fst01153650</subfield></datafield><datafield ind1=' ' ind2='7' tag='651'><subfield code='a'>United States</subfield><subfield code='2'>fast</subfield><subfield code='0'>(OCoLC)fst01204155</subfield></datafield><datafield ind1=' ' ind2='7' tag='655'><subfield code='a'>Conference proceedings</subfield><subfield code='2'>fast</subfield><subfield code='0'>(OCoLC)fst01423772</subfield></datafield><datafield ind1='1' ind2=' ' tag='700'><subfield code='a'>Barr, Donald R.,</subfield><subfield code='d'>1938-</subfield></datafield><datafield ind1='2' ind2=' ' tag='710'><subfield code='a'>Cornell University.</subfield><subfield code='b'>Africana Studies and Research Center.</subfield></datafield><datafield ind1='2' ind2=' ' tag='711'><subfield code='a'>AS&amp;RC Colloquium</subfield><subfield code='d'>(1996 :</subfield><subfield code='c'>Cornell University)</subfield></datafield><datafield ind1=' ' ind2=' ' tag='905'><subfield code='a'>19970311120000.0</subfield></datafield><datafield ind1='2' ind2=' ' tag='948'><subfield code='a'>20040617</subfield><subfield code='b'>a</subfield><subfield code='d'>pl233</subfield><subfield code='e'>lts</subfield></datafield><datafield ind1='2' ind2=' ' tag='948'><subfield code='a'>20141212</subfield><subfield code='b'>m</subfield><subfield code='d'>batch</subfield><subfield code='e'>lts</subfield><subfield code='x'>addfast</subfield></datafield></record>